<record><leader>00000cas a22000007a 4500</leader><controlfield tag="001">19210252</controlfield><controlfield tag="008">890214d19801990gauwr ne      0    0eng d</controlfield><datafield ind1=" " ind2=" " tag="010"><subfield code="a">sn 89053026 </subfield></datafield><datafield ind1=" " ind2=" " tag="040"><subfield code="a">NLG</subfield><subfield code="b">eng</subfield><subfield code="c">NLG</subfield><subfield code="d">NSD</subfield><subfield code="d">GUA</subfield><subfield code="d">OCLCQ</subfield><subfield code="d">OCLCF</subfield><subfield code="d">OCLCO</subfield></datafield><datafield ind1="1" ind2=" " tag="029"><subfield code="a">AU@</subfield><subfield code="b">000040880090</subfield></datafield><datafield ind1=" " ind2=" " tag="042"><subfield code="a">msc</subfield></datafield><datafield ind1=" " ind2=" " tag="043"><subfield code="a">n-us-ga</subfield></datafield><datafield ind1="0" ind2="0" tag="245"><subfield code="a">Metter news and advertiser.</subfield></datafield><datafield ind1=" " ind2=" " tag="260"><subfield code="a">Metter, Ga. :</subfield><subfield code="b">V.B. Snell,</subfield><subfield code="c">1980-1990.</subfield></datafield><datafield ind1=" " ind2=" " tag="300"><subfield code="a">v.</subfield></datafield><datafield ind1=" " ind2=" " tag="310"><subfield code="a">Weekly</subfield></datafield><datafield ind1="0" ind2=" " tag="362"><subfield code="a">Vol. 68, no. 45 (Nov. 12, 1980)-v. 77, no. 14 (Jan. 10, 1990).</subfield></datafield><datafield ind1=" " ind2=" " tag="515"><subfield code="a">Vol. 70, no. 38-46 incorrectly called v. 17, no. 38-46.</subfield></datafield><datafield ind1=" " ind2=" " tag="530"><subfield code="a">Also on microfilm: Athens, Ga. : University of Georgia Libraries.</subfield></datafield><datafield ind1=" " ind2="0" tag="651"><subfield code="a">Metter (Ga.)</subfield><subfield code="v">Newspapers.</subfield></datafield><datafield ind1=" " ind2="0" tag="651"><subfield code="a">Candler County (Ga.)</subfield><subfield code="v">Newspapers.</subfield></datafield><datafield ind1=" " ind2="7" tag="655"><subfield code="a">Newspapers.</subfield><subfield code="2">fast</subfield><subfield code="0">(OCoLC)fst01423814</subfield></datafield><datafield ind1=" " ind2="7" tag="651"><subfield code="a">Georgia</subfield><subfield code="z">Candler County.</subfield><subfield code="2">fast</subfield><subfield code="0">(OCoLC)fst01209324</subfield></datafield><datafield ind1=" " ind2="7" tag="651"><subfield code="a">Georgia</subfield><subfield code="z">Metter.</subfield><subfield code="2">fast</subfield><subfield code="0">(OCoLC)fst01217036</subfield></datafield><datafield ind1=" " ind2=" " tag="752"><subfield code="a">United States</subfield><subfield code="b">Georgia</subfield><subfield code="c">Candler</subfield><subfield code="d">Metter.</subfield></datafield><datafield ind1="0" ind2="0" tag="780"><subfield code="t">Metter's town and country news combined with the Metter advertiser</subfield><subfield code="w">(DLC)sn 89053025</subfield><subfield code="w">(OCoLC)19210246</subfield></datafield><datafield ind1="0" ind2="0" tag="785"><subfield code="t">Metter advertiser (Metter, Ga. : 1990)</subfield><subfield code="x">1097-7287</subfield><subfield code="w">(DLC)sn 89053045</subfield><subfield code="w">(OCoLC)19332376</subfield></datafield></record>